<record xmlns="http://www.loc.gov/MARC21/slim" xmlns:xsi="http://www.w3.org/2001/XMLSchema-instance" xsi:schemaLocation="http://www.loc.gov/MARC21/slim http://www.loc.gov/standards/marcxml/schema/MARC21slim.xsd"><leader>02267nam a2200409   4500</leader><controlfield tag="001">001680001</controlfield><controlfield tag="003">NNU</controlfield><controlfield tag="006">m        d        </controlfield><controlfield tag="007">cr cn |||m|||a</controlfield><controlfield tag="008">150110s1969    iq      ob    000 0 arar</controlfield><datafield ind1=" " ind2=" " tag="040"><subfield code="a">NNU</subfield><subfield code="b">eng</subfield><subfield code="e">rda</subfield><subfield code="c">NNU</subfield></datafield><datafield ind1=" " ind2=" " tag="043"><subfield code="a">ma-----</subfield></datafield><datafield ind1=" " ind2="4" tag="050"><subfield code="a">PJ7528</subfield><subfield code="b">.S2</subfield></datafield><datafield ind1="1" ind2=" " tag="100"><subfield code="6">880-01</subfield><subfield code="a">Sall&#363;m, D&#257;&#700;&#363;d</subfield></datafield><datafield ind1="1" ind2="0" tag="245"><subfield code="6">880-02</subfield><subfield code="a">Ta&#772;ri&#772;kh al-naqd al-&#699;Arabi&#772; min al-Ja&#772;hili&#772;yah h&#803;atta&#769; niha&#772;yat al-qarn al-tha&#772;lith /</subfield><subfield code="c">ta&#700;li&#772;f Da&#772;u&#772;d Sallu&#772;m.</subfield></datafield><datafield ind1=" " ind2=" " tag="260"><subfield code="6">880-03</subfield><subfield code="a">Baghda&#772;d :</subfield><subfield code="b">[Maktabat al-Andalus],</subfield><subfield code="c">1969.</subfield></datafield><datafield ind1=" " ind2=" " tag="300"><subfield code="a">online resource (318 pages)</subfield></datafield><datafield ind1=" " ind2=" " tag="336"><subfield code="a">text</subfield><subfield code="2">rdacontent</subfield></datafield><datafield ind1=" " ind2=" " tag="337"><subfield code="a">computer</subfield><subfield code="2">rdamedia</subfield></datafield><datafield ind1=" " ind2=" " tag="338"><subfield code="a">online resource</subfield><subfield code="2">rdacarrier</subfield></datafield><datafield ind1=" " ind2=" " tag="500"><subfield code="a">Part of the Arabic Collections Online (ACO) project, contributed by New York Univeristy Libraries.</subfield></datafield><datafield ind1=" " ind2=" " tag="504"><subfield code="a">Includes bibliographical references (pages 248-311).</subfield></datafield><datafield ind1=" " ind2=" " tag="533"><subfield code="a">Electronic reproduction.</subfield><subfield code="b">New York, N.Y. :</subfield><subfield code="c">New York University,</subfield><subfield code="d">2015.</subfield><subfield code="5">NNU</subfield></datafield><datafield ind1=" " ind2="0" tag="650"><subfield code="a">Arabic literature</subfield><subfield code="x">History and criticism.</subfield></datafield><datafield ind1=" " ind2="7" tag="650"><subfield code="a">Arabic literature.</subfield><subfield code="2">fast</subfield><subfield code="0">(OCoLC)fst00812478</subfield></datafield><datafield ind1=" " ind2="7" tag="655"><subfield code="a">Criticism, interpretation, etc.</subfield><subfield code="2">fast</subfield><subfield code="0">(OCoLC)fst01411635</subfield></datafield><datafield ind1="2" ind2=" " tag="710"><subfield code="a">New York University.</subfield><subfield code="b">Libraries.</subfield></datafield><datafield ind1="0" ind2=" " tag="730"><subfield code="a">Arabic Collections Online.</subfield></datafield><datafield ind1="0" ind2="8" tag="776"><subfield code="i">Online version:</subfield><subfield code="a">Sallu&#772;m, Da&#772;&#700;u&#772;d.</subfield><subfield code="t">Ta&#772;ri&#772;kh al-naqd al-&#699;Arabi&#772; min al-Ja&#772;hili&#772;yah h&#803;atta&#769; niha&#772;yat al-qarn al-tha&#772;lith.</subfield><subfield code="d">Baghda&#772;d : [Maktabat al-Andalus], 1969</subfield><subfield code="w">(OCoLC)577341811</subfield></datafield><datafield ind1="0" ind2="8" tag="776"><subfield code="i">Online version:</subfield><subfield code="a">Sallu&#772;m, Da&#772;&#700;u&#772;d.</subfield><subfield code="t">Ta&#772;ri&#772;kh al-naqd al-&#699;Arabi&#772; min al-Ja&#772;hili&#772;yah h&#803;atta&#769; niha&#772;yat al-qarn al-tha&#772;lith.</subfield><subfield code="d">Baghda&#772;d : [Maktabat al-Andalus], 1969</subfield><subfield code="w">(OCoLC)608058360</subfield></datafield><datafield ind1="0" ind2="8" tag="776"><subfield code="i">Print version:</subfield><subfield code="a">Sall&#363;m, D&#257;&#700;&#363;d 880-01</subfield><subfield code="t">Ta&#772;ri&#772;kh al-naqd al-&#699;Arabi&#772; min al-Ja&#772;hili&#772;yah h&#803;atta&#769; niha&#772;yat al-qarn al-tha&#772;lith</subfield><subfield code="w">(NNU)001680001</subfield><subfield code="w">(DLC)   71261014</subfield></datafield><datafield ind1="4" ind2="0" tag="856"><subfield code="u">http://hdl.handle.net/2333.1/c2fqz7sk</subfield></datafield><datafield ind1="1" ind2=" " tag="880"><subfield code="6">100-01/</subfield><subfield code="a">&#1587;&#1604;&#1608;&#1605;&#1548; &#1583;&#1575;&#1608;&#1583;.</subfield></datafield><datafield ind1="1" ind2="0" tag="880"><subfield code="6">245-02/</subfield><subfield code="a">&#1578;&#1575;&#1585;&#1610;&#1582; &#1575;&#1604;&#1606;&#1602;&#1583; &#1575;&#1604;&#1593;&#1585;&#1576;&#1610; &#1605;&#1606; &#1575;&#1604;&#1580;&#1575;&#1607;&#1604;&#1610;&#1577; &#1581;&#1578;&#1609; &#1606;&#1607;&#1575;&#1610;&#1577; &#1575;&#1604;&#1602;&#1585;&#1606; &#1575;&#1604;&#1579;&#1575;&#1604;&#1579; /</subfield><subfield code="c">&#1578;&#1571;&#1604;&#1610;&#1601; &#1583;&#1575;&#1608;&#1583; &#1587;&#1604;&#1608;&#1605;.</subfield></datafield><datafield ind1=" " ind2=" " tag="880"><subfield code="6">260-03/</subfield><subfield code="a">&#1576;&#1594;&#1583;&#1575;&#1583; :</subfield><subfield code="b">[&#1605;&#1603;&#1578;&#1576;&#1577; &#1575;&#1604;&#1575;&#1606;&#1583;&#1604;&#1587;]&#1548;</subfield><subfield code="c">1969.</subfield></datafield><datafield ind1=" " ind2=" " tag="959"><subfield code="a">NNU</subfield><subfield code="b">WEB</subfield><subfield code="c">GENI</subfield><subfield code="t">0</subfield><subfield code="m">Electronic access</subfield><subfield code="s">01</subfield></datafield><datafield ind1=" " ind2=" " tag="999"><subfield code="i">NNU_001680001</subfield><subfield code="o" /></datafield></record>